{
  "leader": "03244cam a2200481 i 4500",
  "fields": [
    {
      "001": "ocm06195119\\"
    },
    {
      "003": "OCoLC"
    },
    {
      "005": "20221229171914.0"
    },
    {
      "008": "800317s1980\\\\\\\\dcua\\\\\\\\\\b\\\\\\\\001\\0\\eng\\\\"
    },
    {
      "010": {
        "ind1": "\\",
        "ind2": "\\",
        "subfields": [
          {
            "a": "   80013245 "
          }
        ]
      }
    },
    {
      "040": {
        "ind1": "\\",
        "ind2": "\\",
        "subfields": [
          {
            "a": "DLC"
          },
          {
            "b": "eng"
          },
          {
            "c": "DLC"
          },
          {
            "d": "MUQ"
          },
          {
            "d": "BAKER"
          },
          {
            "d": "BTCTA"
          },
          {
            "d": "SBM"
          },
          {
            "d": "UKMGB"
          },
          {
            "d": "OCLCF"
          },
          {
            "d": "OCLCQ"
          },
          {
            "d": "OCLCA"
          },
          {
            "d": "NLC"
          },
          {
            "d": "OCLCQ"
          },
          {
            "d": "GDC"
          },
          {
            "d": "IL4J6"
          },
          {
            "d": "OCLCO"
          }
        ]
      }
    },
    {
      "016": {
        "ind1": "7",
        "ind2": "\\",
        "subfields": [
          {
            "a": "009103544"
          },
          {
            "2": "Uk"
          }
        ]
      }
    },
    {
      "016": {
        "ind1": "\\",
        "ind2": "\\",
        "subfields": [
          {
            "a": "(AMICUS)000001439954"
          }
        ]
      }
    },
    {
      "019": {
        "ind1": "\\",
        "ind2": "\\",
        "subfields": [
          {
            "a": "8821792"
          },
          {
            "a": "18103299"
          },
          {
            "a": "59689288"
          },
          {
            "a": "964601038"
          },
          {
            "a": "971011194"
          },
          {
            "a": "974464593"
          },
          {
            "a": "988630242"
          },
          {
            "a": "1004489828"
          },
          {
            "a": "1011797021"
          },
          {
            "a": "1014301555"
          },
          {
            "a": "1019163581"
          }
        ]
      }
    },
    {
      "020": {
        "ind1": "\\",
        "ind2": "\\",
        "subfields": [
          {
            "a": "0891330763"
          }
        ]
      }
    },
    {
      "020": {
        "ind1": "\\",
        "ind2": "\\",
        "subfields": [
          {
            "a": "9780891330769"
          }
        ]
      }
    },
    {
      "020": {
        "ind1": "\\",
        "ind2": "\\",
        "subfields": [
          {
            "a": "0891330976"
          }
        ]
      }
    },
    {
      "020": {
        "ind1": "\\",
        "ind2": "\\",
        "subfields": [
          {
            "a": "9780891330974"
          }
        ]
      }
    },
    {
      "035": {
        "ind1": "\\",
        "ind2": "\\",
        "subfields": [
          {
            "a": "(OCoLC)6195119"
          },
          {
            "z": "(OCoLC)8821792"
          },
          {
            "z": "(OCoLC)18103299"
          },
          {
            "z": "(OCoLC)59689288"
          },
          {
            "z": "(OCoLC)964601038"
          },
          {
            "z": "(OCoLC)971011194"
          },
          {
            "z": "(OCoLC)974464593"
          },
          {
            "z": "(OCoLC)988630242"
          },
          {
            "z": "(OCoLC)1004489828"
          },
          {
            "z": "(OCoLC)1011797021"
          },
          {
            "z": "(OCoLC)1014301555"
          },
          {
            "z": "(OCoLC)1019163581"
          }
        ]
      }
    },
    {
      "050": {
        "ind1": "\\",
        "ind2": "4",
        "subfields": [
          {
            "a": "NA2542.35"
          },
          {
            "b": "O43 1980"
          }
        ]
      }
    },
    {
      "082": {
        "ind1": "0",
        "ind2": "4",
        "subfields": [
          {
            "a": "720.1"
          },
          {
            "b": "OLD"
          }
        ]
      }
    },
    {
      "245": {
        "ind1": "0",
        "ind2": "0",
        "subfields": [
          {
            "a": "Old & new architecture :"
          },
          {
            "b": "design relationship /"
          },
          {
            "c": "from a conference sponsored by National Trust for Historic Preservation, Latrobe Chapter, Society of Architectural Historians, Washington Metropolitan Chapter, American Institute of Architects."
          }
        ]
      }
    },
    {
      "246": {
        "ind1": "3",
        "ind2": "0",
        "subfields": [
          {
            "a": "Old and new architecture"
          }
        ]
      }
    },
    {
      "260": {
        "ind1": "\\",
        "ind2": "\\",
        "subfields": [
          {
            "a": "Washington, D.C. :"
          },
          {
            "b": "Preservation Press, National Trust for Historic Preservation,"
          },
          {
            "c": "\u00a91980."
          }
        ]
      }
    },
    {
      "300": {
        "ind1": "\\",
        "ind2": "\\",
        "subfields": [
          {
            "a": "280 pages :"
          },
          {
            "b": "illustrations ;"
          },
          {
            "c": "30 cm"
          }
        ]
      }
    },
    {
      "336": {
        "ind1": "\\",
        "ind2": "\\",
        "subfields": [
          {
            "a": "text"
          },
          {
            "b": "txt"
          },
          {
            "2": "rdacontent"
          }
        ]
      }
    },
    {
      "337": {
        "ind1": "\\",
        "ind2": "\\",
        "subfields": [
          {
            "a": "unmediated"
          },
          {
            "b": "n"
          },
          {
            "2": "rdamedia"
          }
        ]
      }
    },
    {
      "338": {
        "ind1": "\\",
        "ind2": "\\",
        "subfields": [
          {
            "a": "volume"
          },
          {
            "b": "nc"
          },
          {
            "2": "rdacarrier"
          }
        ]
      }
    },
    {
      "504": {
        "ind1": "\\",
        "ind2": "\\",
        "subfields": [
          {
            "a": "Includes bibliographical references (pages 273-274) and index."
          }
        ]
      }
    },
    {
      "530": {
        "ind1": "\\",
        "ind2": "\\",
        "subfields": [
          {
            "a": "Also issued online."
          }
        ]
      }
    },
    {
      "505": {
        "ind1": "0",
        "ind2": "\\",
        "subfields": [
          {
            "a": "Redirecting the theater of the built environment -- Old and new architecture: a history -- The harmony that can't be dictated -- Guides, guideposts and guidelines -- Beyond mere manners and cosmetic compatibility -- The role of education in achieving design relationship -- The architecture of courtesy -- Reinforcing a sense of place -- A three-dimensional approach -- Evolution in a historic area's 'tout ensemble' -- Design considerations in adaptive user projects -- Design review from a legal point of view -- Preservation criteria: defining and protecting design relationships -- The architect in the historic district -- Guidelines and design review: an urban experience -- New construction in residential historic districts -- To preserve the visibility of time -- Toward a compatible environment."
          }
        ]
      }
    },
    {
      "540": {
        "ind1": "\\",
        "ind2": "\\",
        "subfields": [
          {
            "a": "Current Copyright Fee: GBP32.00"
          },
          {
            "c": "0."
          },
          {
            "5": "Uk"
          }
        ]
      }
    },
    {
      "650": {
        "ind1": "\\",
        "ind2": "0",
        "subfields": [
          {
            "a": "Architecture"
          },
          {
            "x": "Environmental aspects."
          }
        ]
      }
    },
    {
      "650": {
        "ind1": "\\",
        "ind2": "0",
        "subfields": [
          {
            "a": "Architecture and history."
          }
        ]
      }
    },
    {
      "650": {
        "ind1": "\\",
        "ind2": "7",
        "subfields": [
          {
            "a": "Architecture and history."
          },
          {
            "2": "fast"
          },
          {
            "0": "(OCoLC)fst00813563"
          }
        ]
      }
    },
    {
      "650": {
        "ind1": "\\",
        "ind2": "7",
        "subfields": [
          {
            "a": "Architecture"
          },
          {
            "x": "Environmental aspects."
          },
          {
            "2": "fast"
          },
          {
            "0": "(OCoLC)fst00813425"
          }
        ]
      }
    },
    {
      "710": {
        "ind1": "2",
        "ind2": "\\",
        "subfields": [
          {
            "a": "National Trust for Historic Preservation in the United States."
          }
        ]
      }
    },
    {
      "710": {
        "ind1": "2",
        "ind2": "\\",
        "subfields": [
          {
            "a": "Society of Architectural Historians."
          },
          {
            "b": "Latrobe Chapter (Washington, D.C.)"
          }
        ]
      }
    },
    {
      "710": {
        "ind1": "2",
        "ind2": "\\",
        "subfields": [
          {
            "a": "American Institute of Architects."
          },
          {
            "b": "Washington Metropolitan Chapter."
          }
        ]
      }
    },
    {
      "776": {
        "ind1": "0",
        "ind2": "8",
        "subfields": [
          {
            "i": "Online version:"
          },
          {
            "t": "Old & new architecture."
          },
          {
            "d": "Washington, D.C. : Preservation Press, National Trust for Historic Preservation, \u00a91980"
          },
          {
            "w": "(OCoLC)568761755"
          }
        ]
      }
    },
    {
      "994": {
        "ind1": "\\",
        "ind2": "\\",
        "subfields": [
          {
            "a": "Z0"
          },
          {
            "b": "NYRVC"
          }
        ]
      }
    },
    {
      "948": {
        "ind1": "\\",
        "ind2": "\\",
        "subfields": [
          {
            "h": "NO HOLDINGS IN NYRVC - 446 OTHER HOLDINGS"
          }
        ]
      }
    },
    {
      "999": {
        "ind1": "\\",
        "ind2": "\\",
        "subfields": [
          {
            "a": "00000000010895"
          }
        ]
      }
    }
  ]
}